<record><leader>02579cam a2200493 i 4500</leader><controlfield tag="001">6629544</controlfield><controlfield tag="003">OCoLC</controlfield><controlfield tag="005">20140902155753.0</controlfield><controlfield tag="008">140307s2015    pau      bf   001 0 eng  </controlfield><datafield ind1=" " ind2=" " tag="010"><subfield code="a">  2014009310</subfield></datafield><datafield ind1="7" ind2=" " tag="016"><subfield code="a">101627662</subfield><subfield code="2">DNLM</subfield></datafield><datafield ind1=" " ind2=" " tag="020"><subfield code="a">9781451192544 (paperback)</subfield></datafield><datafield ind1=" " ind2=" " tag="020"><subfield code="a">1451192541 (paperback)</subfield></datafield><datafield ind1=" " ind2=" " tag="035"><subfield code="a">ocn874961156</subfield></datafield><datafield ind1=" " ind2=" " tag="040"><subfield code="a">DNLM/DLC</subfield><subfield code="e">rda</subfield><subfield code="b">eng</subfield><subfield code="c">DLC</subfield><subfield code="d">YDX</subfield><subfield code="d">NLM</subfield><subfield code="d">YDXCP</subfield><subfield code="d">OCLCO</subfield><subfield code="d">AFMK</subfield></datafield><datafield ind1=" " ind2=" " tag="042"><subfield code="a">pcc</subfield></datafield><datafield ind1="0" ind2="0" tag="050"><subfield code="a">RJ245</subfield><subfield code="b">.P426 2015</subfield></datafield><datafield ind1="1" ind2="0" tag="060"><subfield code="a">WY 49</subfield></datafield><datafield ind1="0" ind2="0" tag="082"><subfield code="a">618.92/00231</subfield><subfield code="2">23</subfield></datafield><datafield ind1=" " ind2=" " tag="090"><subfield code="a">618.9200231 PED</subfield><subfield code="b">AEVC</subfield></datafield><datafield ind1=" " ind2=" " tag="090"><subfield code="a">RJ 245 P426 2015</subfield><subfield code="b">AFMK</subfield></datafield><datafield ind1=" " ind2=" " tag="090"><subfield code="a">RJ245 .P426 2015</subfield><subfield code="b">AEGMCT</subfield></datafield><datafield ind1="0" ind2="0" tag="245"><subfield code="a">Pediatric nursing made incredibly easy! /</subfield><subfield code="c">clinical editor, Mikki Meadows-Oliver.</subfield></datafield><datafield ind1=" " ind2=" " tag="250"><subfield code="a">2nd edition.</subfield></datafield><datafield ind1=" " ind2="1" tag="264"><subfield code="a">Philadelphia :</subfield><subfield code="b">Wolters Kluwer Health,</subfield><subfield code="c">[2015]</subfield></datafield><datafield ind1=" " ind2=" " tag="300"><subfield code="a">vii, 648, 8 pages :</subfield><subfield code="b">illustrations (some color) ;</subfield><subfield code="c">23 cm.</subfield></datafield><datafield ind1=" " ind2=" " tag="336"><subfield code="a">text</subfield><subfield code="2">rdacontent</subfield></datafield><datafield ind1=" " ind2=" " tag="337"><subfield code="a">unmediated</subfield><subfield code="2">rdamedia</subfield></datafield><datafield ind1=" " ind2=" " tag="338"><subfield code="a">volume</subfield><subfield code="2">rdacarrier</subfield></datafield><datafield ind1=" " ind2=" " tag="504"><subfield code="a">Includes bibliographical references and index.</subfield></datafield><datafield ind1="0" ind2=" " tag="505"><subfield code="a">Introduction to pediatric nursing / Doreen S. DeAngelis -- Concepts in pediatric nursing care / Peggy Baikie -- Infancy / Julee Waldrop -- Early childhood / Karen Wilkinson -- Middle childhood and adolescence / Rosalynn Bravo-Cavoli -- Infectious diseases and immunizations / Nancy Banasiak -- Neurologic problems / Shelia Savell -- Cardiovascular problems / Mikki Meadows-Oliver -- Respiratory problems / Karen Wilkinson -- Urinary problems / Martha M. Z. Shemin -- Musculoskeletal problems / Peggy Baikie -- Gastrointestinal problems / Cheryl L. DeGraw -- Endocrine and metabolic problems / Karen Wilkinson -- Hematologic and immunologic problems / Ralph Vogel -- Dermatologic problems / Vera C. Brancato.</subfield></datafield><datafield ind1=" " ind2=" " tag="596"><subfield code="a">3 8 29</subfield></datafield><datafield ind1=" " ind2="0" tag="650"><subfield code="a">Pediatric nursing.</subfield></datafield><datafield ind1="1" ind2="2" tag="650"><subfield code="a">Nursing Care</subfield><subfield code="v">methods</subfield><subfield code="v">Handbooks.</subfield></datafield><datafield ind1="2" ind2="2" tag="650"><subfield code="a">Adolescent.</subfield></datafield><datafield ind1="2" ind2="2" tag="650"><subfield code="a">Child.</subfield></datafield><datafield ind1="2" ind2="2" tag="650"><subfield code="a">Infant.</subfield></datafield><datafield ind1="2" ind2="2" tag="650"><subfield code="a">Pediatric Nursing</subfield><subfield code="v">methods</subfield><subfield code="v">Handbooks.</subfield></datafield><datafield ind1="2" ind2=" " tag="710"><subfield code="a">Lippincott Williams &amp; Wilkins,</subfield><subfield code="e">issuing body.</subfield></datafield><datafield ind1=" " ind2=" " tag="999"><subfield code="h">GMCT-OS-B</subfield></datafield><datafield ind1=" " ind2=" " tag="947"><subfield code="b">PNU</subfield><subfield code="f">QGM</subfield><subfield code="h">GMCT-OS-B</subfield><subfield code="p">43.99</subfield><subfield code="q">1</subfield><subfield code="z">9781451192544</subfield></datafield><datafield ind1=" " ind2=" " tag="926"><subfield code="a">RJ 245 P426 2015</subfield><subfield code="w">LC</subfield><subfield code="c">1</subfield><subfield code="i">34917001354047</subfield><subfield code="d">1/31/2017</subfield><subfield code="e">1/17/2017</subfield><subfield code="l">ON_SHELF</subfield><subfield code="m">KEYANO</subfield><subfield code="n">2</subfield><subfield code="p">$46.49</subfield><subfield code="q">1</subfield><subfield code="r">Y</subfield><subfield code="s">Y</subfield><subfield code="t">BOOK</subfield><subfield code="u">7/11/2014</subfield><subfield code="o">.STAFF. Rec'd Sep/14 MW</subfield></datafield><datafield ind1=" " ind2=" " tag="926"><subfield code="a">618.9200231 PED</subfield><subfield code="w">DEWEY</subfield><subfield code="c">1</subfield><subfield code="i">33862001353931</subfield><subfield code="d">12/19/2016</subfield><subfield code="e">12/7/2016</subfield><subfield code="l">ON_SHELF</subfield><subfield code="m">NORQ_MAIN</subfield><subfield code="n">3</subfield><subfield code="p">$50.63</subfield><subfield code="r">Y</subfield><subfield code="s">Y</subfield><subfield code="t">BOOK</subfield><subfield code="u">1/26/2015</subfield></datafield><datafield ind1=" " ind2=" " tag="926"><subfield code="a">RJ245 .P426 2015</subfield><subfield code="w">LC</subfield><subfield code="c">1</subfield><subfield code="i">1007762964</subfield><subfield code="d">9/1/2016</subfield><subfield code="e">8/4/2015</subfield><subfield code="l">ON_SHELF</subfield><subfield code="m">GR_MACEWAN</subfield><subfield code="n">4</subfield><subfield code="p">$55.85</subfield><subfield code="r">Y</subfield><subfield code="s">Y</subfield><subfield code="t">BOOK</subfield><subfield code="u">5/25/2015</subfield></datafield></record>